@misc{humanRaceDataAmount,
  author = {Jeff Vance},
  title = {Big Data Analytics Overview},
  howpublished = "\url{https://www.datamation.com/applications/big-data-analytics-overview/}",
  year = {2013}, 
  note = "[Online; accessed 23-June-2022]"
}

@misc{StatistaAmountofData,
  author = {Statista Research Department},
  title = {Volume of data/information created, captured, copied, and consumed worldwide from 2010 to 2025},
  howpublished = "\url{https://www.statista.com/statistics/871513/worldwide-data-created/}",
  year = {2022}, 
  note = "[Online; accessed 23-June-2022]"
}

@ARTICLE{}

@ARTICLE{ChangCheng,
  author={Shi-Kuo Chang and Wu-Haung Cheng},
  journal={IEEE Transactions on Software Engineering}, 
  title={A Methodology for Structured Database Decomposition}, 
  year={1980},
  volume={SE-6},
  number={2},
  pages={205-218},
  doi={10.1109/TSE.1980.230471}}
  
@article{Grabmeier-2007,
doi	= {10.1504/ijbidm.2007.013938},
title	= {Decision trees for binary classification variables grow equally with the Gini impurity measure and Pearson's chi-square test},
author	= {Grabmeier, Johannes L.; Lambe, Larry A.},
journal	= {International Journal of Business Intelligence and Data Mining    vol. 2 iss. 2},

year	= {2007},
volume	= {2},
issue	= {2},
page	= {213--},
}

@article{5V's,
author = {Hiba, Jasim and Hadi, Hiba and Hameed Shnain, Ammar and Hadishaheed, Sarah and Haji, Azizahbt},
year = {2015},
month = {01},
pages = {2393-2835},
title = {BIG DATA AND FIVE V'S CHARACTERISTICS}
}

@article{spark2018apache,
  title={Apache spark},
  author={Spark, Apache},
  journal={Retrieved January},
  volume={17},
  number={1},
  pages={2018},
  year={2018}
}

@article{hsiao1977clustering,
  title={A clustering algorithm for hierarchical structures},
  author={Hsiao, David K},
  journal={ACM Transactions on Database Systems (TODS)},
  volume={2},
  number={1},
  pages={27--44},
  year={1977},
  publisher={ACM New York, NY, USA}
}

@inproceedings{zaharia2012resilient,
  title={Resilient distributed datasets: A $\{$Fault-Tolerant$\}$ abstraction for $\{$In-Memory$\}$ cluster computing},
  author={Zaharia, Matei and Chowdhury, Mosharaf and Das, Tathagata and Dave, Ankur and Ma, Justin and McCauly, Murphy and Franklin, Michael J and Shenker, Scott and Stoica, Ion},
  booktitle={9th USENIX Symposium on Networked Systems Design and Implementation (NSDI 12)},
  pages={15--28},
  year={2012}
}

@inproceedings{armbrust2015spark,
  title={Spark sql: Relational data processing in spark},
  author={Armbrust, Michael and Xin, Reynold S and Lian, Cheng and Huai, Yin and Liu, Davies and Bradley, Joseph K and Meng, Xiangrui and Kaftan, Tomer and Franklin, Michael J and Ghodsi, Ali and others},
  booktitle={Proceedings of the 2015 ACM SIGMOD international conference on management of data},
  pages={1383--1394},
  year={2015}
}

@article{lloyd1982least,
  title={Least squares quantization in PCM},
  author={Lloyd, Stuart},
  journal={IEEE transactions on information theory},
  volume={28},
  number={2},
  pages={129--137},
  year={1982},
  publisher={IEEE}
}

@book{miller2015benford,
  title={Benford's law},
  author={Miller, Steven J},
  year={2015},
  publisher={Princeton University Press}
}